[gd_scene load_steps=12 format=2]

[ext_resource path="res://Assets/Jumperpack/PNG/Background/bg_layer4.png" type="Texture" id=1]
[ext_resource path="res://dynamicfont1.tres" type="DynamicFont" id=2]
[ext_resource path="res://Assets/Jumperpack/PNG/Players/bunny1_walk2.png" type="Texture" id=3]
[ext_resource path="res://Assets/Jumperpack/PNG/Players/bunny2_stand.png" type="Texture" id=4]
[ext_resource path="res://Start.tres" type="DynamicFont" id=5]
[ext_resource path="res://Scripts/LinkButtonNewStage.gd" type="Script" id=6]
[ext_resource path="res://Credits.tres" type="DynamicFont" id=7]
[ext_resource path="res://Scenes/HowtoPlay.gd" type="Script" id=8]
[ext_resource path="res://Scenes/Credits.gd" type="Script" id=9]
[ext_resource path="res://Assets/Jumperpack/PNG/Environment/grass2.png" type="Texture" id=10]
[ext_resource path="res://Assets/Jumperpack/PNG/Environment/grass_brown1.png" type="Texture" id=11]

[node name="MainMenu" type="ColorRect"]
anchor_right = 1.0
anchor_bottom = 1.0
color = Color( 0.478431, 0.854902, 0.607843, 1 )

[node name="Sprite" type="Sprite" parent="."]
position = Vector2( 510, 100 )
scale = Vector2( 0.51, 0.51 )
texture = ExtResource( 1 )

[node name="CenterContainer" type="CenterContainer" parent="."]
margin_left = 120.0
margin_top = 80.0
margin_right = 904.0
margin_bottom = 559.0

[node name="VBoxContainer" type="VBoxContainer" parent="CenterContainer"]
margin_left = 133.0
margin_top = 34.0
margin_right = 650.0
margin_bottom = 444.0

[node name="HBoxContainer" type="HBoxContainer" parent="CenterContainer/VBoxContainer"]
margin_right = 517.0
margin_bottom = 82.0

[node name="Label" type="Label" parent="CenterContainer/VBoxContainer/HBoxContainer"]
margin_right = 517.0
margin_bottom = 82.0
custom_fonts/font = ExtResource( 2 )
custom_colors/font_color = Color( 1, 1, 1, 1 )
text = "Bunnious"
align = 1
valign = 1

[node name="CenterContainer" type="CenterContainer" parent="CenterContainer/VBoxContainer"]
margin_top = 86.0
margin_right = 517.0
margin_bottom = 293.0

[node name="HSplitContainer" type="HBoxContainer" parent="CenterContainer/VBoxContainer/CenterContainer"]
margin_left = 136.0
margin_right = 381.0
margin_bottom = 207.0

[node name="Bunni" type="TextureRect" parent="CenterContainer/VBoxContainer/CenterContainer/HSplitContainer"]
margin_right = 120.0
margin_bottom = 207.0
texture = ExtResource( 3 )

[node name="Bunnous" type="TextureRect" parent="CenterContainer/VBoxContainer/CenterContainer/HSplitContainer"]
margin_left = 124.0
margin_right = 245.0
margin_bottom = 207.0
texture = ExtResource( 4 )

[node name="CenterContainer3" type="CenterContainer" parent="CenterContainer/VBoxContainer"]
margin_top = 297.0
margin_right = 517.0
margin_bottom = 332.0

[node name="Start" type="LinkButton" parent="CenterContainer/VBoxContainer/CenterContainer3"]
margin_left = 190.0
margin_right = 326.0
margin_bottom = 35.0
custom_fonts/font = ExtResource( 5 )
custom_colors/font_color = Color( 1, 1, 1, 1 )
text = "Start!"
script = ExtResource( 6 )
scene_to_load = "Level 1"

[node name="CenterContainer2" type="CenterContainer" parent="CenterContainer/VBoxContainer"]
margin_top = 336.0
margin_right = 517.0
margin_bottom = 371.0

[node name="HowtoPlay" type="LinkButton" parent="CenterContainer/VBoxContainer/CenterContainer2"]
margin_left = 130.0
margin_right = 387.0
margin_bottom = 35.0
custom_fonts/font = ExtResource( 7 )
custom_colors/font_color = Color( 0.854902, 0.741176, 0.478431, 1 )
shortcut_in_tooltip = false
text = "How to play"
script = ExtResource( 8 )

[node name="CenterContainer4" type="CenterContainer" parent="CenterContainer/VBoxContainer"]
margin_top = 375.0
margin_right = 517.0
margin_bottom = 410.0

[node name="Credits" type="LinkButton" parent="CenterContainer/VBoxContainer/CenterContainer4"]
margin_left = 212.0
margin_right = 305.0
margin_bottom = 35.0
custom_fonts/font = ExtResource( 7 )
custom_colors/font_color = Color( 0.847059, 0.623529, 0.901961, 1 )
shortcut_in_tooltip = false
text = "Exit"
script = ExtResource( 9 )

[node name="Sprite2" type="Sprite" parent="."]
position = Vector2( 100, 565 )
texture = ExtResource( 10 )

[node name="Sprite3" type="Sprite" parent="."]
position = Vector2( 160, 572 )
texture = ExtResource( 11 )
[connection signal="pressed" from="CenterContainer/VBoxContainer/CenterContainer3/Start" to="CenterContainer/VBoxContainer/CenterContainer3/Start" method="_on_New_Game_pressed"]
[connection signal="pressed" from="CenterContainer/VBoxContainer/CenterContainer2/HowtoPlay" to="CenterContainer/VBoxContainer/CenterContainer2/HowtoPlay" method="_on_HowtoPlay_pressed"]
[connection signal="pressed" from="CenterContainer/VBoxContainer/CenterContainer4/Credits" to="CenterContainer/VBoxContainer/CenterContainer4/Credits" method="_on_Credits_pressed"]
